@book{Goodfellow-et-al-2016,
    title={Deep Learning},
    author={Ian Goodfellow and Yoshua Bengio and Aaron Courville},
    publisher={MIT Press},
    url={http://www.deeplearningbook.org},
    year={2016}
}
@book{chollet2018deep,
  title={Deep Learning with R},
  author={Chollet, F. and Allaire, J.J.},
  isbn={9781617295546},
  lccn={2018285360},
  url={https://books.google.ca/books?id=xnIRtAEACAAJ},
  year={2018},
  publisher={Manning Publications}
}
@Manual{nnet2020,
title = {nnet: Feed-Forward Neural Networks and Multinomial Log-Linear Models},
author = {Brian Ripley and William Venables},
year = {2020},
note = {R package version 7.3-13},
url = {https://cran.r-project.org/web/packages/nnet/nnet.pdf}
}
@Manual{neuralnet2019,
title = {neuralnet: Training of Neural Networks},
author = {Stefan Fritsch, Frauke Guenther and Marvin N. Wright},
year = {2019},
note = {R package version 1.44.2},
url = {https://cran.r-project.org/web/packages/neuralnet/neuralnet.pdf}
}
  
@book{Ciaburro2017NeuralNW,
title={Neural Networks with R: Smart models using CNN, RNN, deep learning, and artificial intelligence principles},
author={Giuseppe Ciaburro and Balaji Venkateswaran},
year={2017}
}

@Manual{deepnet2015,
title = {deepnet: Deep learning toolkit in R},
author = {Xiao Rong},
year = {2015},
note = {R package version 0.2},
url = {https://cran.r-project.org/web/packages/deepnet/index.html}
}
  
@Manual{NeuralNetTools2018,
title = {NeuralNetTools: Visualization and Analysis Tools for Neural Networks},
author = {Marcus W. Beck},
year = {2018},
note = {R package version 1.5.2},
url = {https://cran.r-project.org/web/packages/NeuralNetTools/NeuralNetTools.pdf}
}

  
@Manual{RSNNS2019,
title = {RSNNS: Neural Networks using the Stuttgart Neural Network Simulator (SNNS)},
author = {SNNS development team},
year = {2019},
note = {R package version n 0.4-12},
url = {https://cran.r-project.org/web/packages/RSNNS/RSNNS.pdf}
}

@Manual{brnn2020,
title = {brnn: Bayesian Regularization for Feed-Forward Neural Networks},
author = {Paulino Perez Rodriguez and Daniel Gianola},
year = {2020},
note = {R package version 0.8},
url = {https://cran.r-project.org/web/packages/brnn/brnn.pdf}
}
@Manual{rnn2019,
title = {Implementation of a Recurrent Neural Network architectures in native R},
author = {Bastiaan Quast and Dimitri Fichou},
year = {2019},
note = {R package version 0.9.8},
url = {https://cran.r-project.org/web/packages/rnn/rnn.pdf}
}

@Manual{keras2019,
title = {keras: R Interface to 'Keras'},
author = {JJ Allaire and François Chollet},
year = {2019},
note = {R package version 2.2.5.0},
url = {https://cran.r-project.org/web/packages/keras/keras.pdf}
}
@Manual{tensorflow2019,
title = {tensorflow: R Interface to 'TensorFlow'},
author = {JJ Allaire and Daniel Falbel},
year = {2019},
note = {R package version 2.0.0},
url = {https://cran.r-project.org/web/packages/tensorflow/tensorflow.pdf}
}

@Manual{rTorch2019,
title = {rTorch: R Bindings to PyTorch},
author = {Alfonso R. Reyes , Daniel Falbel, JJ Allaire},
year = {2019},
note = {R package version 0.0.3},
url = {https://cran.r-project.org/web/packages/rTorch/rTorch.pdf}
}


@Manual{mxnet2020,
title = {mxnet: A Flexible and Efficient Machine Learning Library for Heterogeneous Distributed Systems},
author = {Tianqi Chen, Qiang Kou, Tong He, Anirudh Acharya},
year = {2020},
note = {R package version 2.0.0},
url = {https://mxnet.apache.org/api/r/docs/api/R-package/build/mxnet-r-reference-manual.pdf}
}

@Manual{h2o2020,
title = {h2o: R Interface for the H2O Scalable Machine Learning Platform},
author = {H2o.ai},
year = {2019},
note = {R package version 3.28.0.4},
url = {https://cran.r-project.org/web/packages/h2o/h2o.pdf}
}

@misc{aivsdeepvsml,
  title = {What is the difference between AI, machine learning and deep learning?},
  howpublished = {\url{https://www.geospatialworld.net/blogs/difference-between-ai%EF%BB%BF-machine-learning-and-deep-learning/}},
  note = {Accessed: 2020-02-15}
}

@misc{nnheca2019,
  author = {Charlin, Laurent},
  institution = {HEC},
  howpublished = {University Lecture},
  url = {http://www.cs.toronto.edu/~lcharlin/courses/80-629/slides_nn.pdf}
  year = {2019},
  title = {Neural Networks for Week no. 5}
}

@misc{olah_2015, 
title={colah's blog}, 
url={https://colah.github.io/posts/2015-08-Understanding-LSTMs/}, journal={colah's blog}, 
author={Olah, Christopher}, 
year={2015}, 
month={Aug}
}

@misc{perfomancelink,
  title = {Various ways to evaluate a machine learning model’s performance},
  howpublished = {\url{https://towardsdatascience.com/various-ways-to-evaluate-a-machine-learning-models-performance-230449055f15}},
  note = {Accessed: 2020-03-25}
}

@article{brnnarticle,
author = {Pérez-Rodríguez, Paulino and Gianola, Daniel and Weigel, Kent and Rosa, Guilherme and Crossa, Jose},
year = {2013},
month = {05},
pages = {},
title = {Technical Note: An R package for fitting Bayesian regularized neural networks with applications in animal breeding},
journal = {Journal of animal science},
doi = {10.2527/jas.2012-6162}
}